@inbook{textbook,
  author    = {吴思诚，荀坤},
  year      = {2015},
  title     = {近代物理实验.第四版},
  address   = {北京},
  publisher = {高等教育出版社},
  isbn      = {7040418304;9787040418309;},
  language  = {Chinese}
}
@article{wooten2000review,
  title     = {A review of lithium niobate modulators for fiber-optic communications systems},
  author    = {Wooten, Ed L and Kissa, Karl M and Yi-Yan, Alfredo and Murphy, Edmond J and Lafaw, Donald A and Hallemeier, Peter F and Maack, David and Attanasio, Daniel V and Fritz, Daniel J and McBrien, Gregory J and others},
  journal   = {IEEE Journal of selected topics in Quantum Electronics},
  volume    = {6},
  number    = {1},
  pages     = {69--82},
  year      = {2000},
  publisher = {IEEE}
}
@article{li2003optical,
  title     = {Optical intensity modulators for digital and analog applications},
  author    = {Li, G.L. and Yu, P.K.L},
  journal   = {Journal of lightwave technology},
  volume    = {21},
  number    = {9},
  pages     = {2010},
  year      = {2003},
  publisher = {IEEE}
}
@article{eocrystal2010,
  title   = {电光晶体研究进展},
  author  = {王继扬，郭永解，李静，张怀金},
  journal = {中国材料进展},
  number  = {10},
  pages   = {49--58},
  year    = {2010}
}
@article{eocrystal2012,
  title   = {电光晶体研究究进进展及其对称性性研研究},
  author  = {王继扬，黄林勇，覃方丽， 申传英，张怀金，尹鑫，张少军，赵显，李如康},
  journal = {物理学进展},
  number  = {1},
  pages   = {2},
  year    = {2012}
}
@book{pockels_1906,
  address   = {Leipzig und Berlin},
  title     = {Lehrbuch der Kristalloptik},
  language  = {German},
  publisher = {B.G. Teubner},
  author    = {Friedrich C. A. Pockels},
  year      = {1906},
  note      = {OCLC: 2904729},
  language  = {German}
}
@article{chmielak2011pockels,
  title     = {Pockels effect based fully integrated, strained silicon electro-optic modulator},
  author    = {Chmielak, Bartos and Waldow, Michael and Matheisen, Christopher and Ripperda, Christian and Bolten, Jens and Wahlbrink, Thorsten and Nagel, Michael and Merget, Florian and Kurz, Heinrich},
  journal   = {Optics express},
  volume    = {19},
  number    = {18},
  pages     = {17212--17219},
  year      = {2011},
  publisher = {Optical Society of America}
}
@article{kumada2013directly,
  title     = {Directly high-voltage measuring system based on Pockels effect},
  author    = {Kumada, Akiko and Hidaka, Kunihiko},
  journal   = {IEEE transactions on power delivery},
  volume    = {28},
  number    = {3},
  pages     = {1306--1313},
  year      = {2013},
  publisher = {IEEE}
}
@article{krebs1996giant,
  title     = {Giant optical anisotropy of semiconductor heterostructures with no common atom and the quantum-confined Pockels effect},
  author    = {Krebs, Olivier and Voisin, Paul},
  journal   = {Physical review letters},
  volume    = {77},
  number    = {9},
  pages     = {1829},
  year      = {1996},
  publisher = {APS}
}