@inbook{textbook,
  author    = {吴思诚，荀坤},
  year      = {2015},
  title     = {近代物理实验.第四版},
  address   = {北京},
  publisher = {高等教育出版社},
  isbn      = {7040418304;9787040418309;},
  language  = {Chinese}
}

@article{mossbauer,
  title     = {Kernresonanzfluoreszenz von gammastrahlung in Ir 191},
  author    = {M{\"o}ssbauer, Rudolf L},
  journal   = {Zeitschrift f{\"u}r Physik},
  volume    = {151},
  number    = {2},
  pages     = {124--143},
  year      = {1958},
  publisher = {Springer}
}

@article{pound,
  title     = {Gravitational red-shift in nuclear resonance},
  author    = {Pound, Robert V and Rebka Jr, Glen A},
  journal   = {Physical Review Letters},
  volume    = {3},
  number    = {9},
  pages     = {439},
  year      = {1959},
  publisher = {APS}
}

@article{1969,
  title     = {Nuclear Zeeman Effect in W 182 in Iron},
  author    = {Frankel, Richard B and Chow, Y and Grodzins, L and Wulff, J},
  journal   = {Physical Review},
  volume    = {186},
  number    = {2},
  pages     = {381},
  year      = {1969},
  publisher = {APS}
}

@article{1964,
  title     = {An interpretation of the M{\"o}ssbauer spectra of some inorganic tin compounds in terms of the oxidation state of the tin atom},
  author    = {Cordey-Hayes, M},
  journal   = {Journal of Inorganic and Nuclear Chemistry},
  volume    = {26},
  number    = {6},
  pages     = {915--923},
  year      = {1964},
  publisher = {Elsevier}
}