@inbook{textbook,
  author    = {吴思诚，荀坤},
  year      = {2015},
  title     = {近代物理实验.第四版},
  address   = {北京},
  publisher = {高等教育出版社},
  isbn      = {7040418304;9787040418309;},
  language  = {Chinese}
}

@article{nyquist1928,
  title     = {Thermal agitation of electric charge in conductors},
  author    = {Nyquist, Harry},
  journal   = {Physical review},
  volume    = {32},
  number    = {1},
  pages     = {110},
  year      = {1928},
  publisher = {APS}
}

@article{johnson1928,
  title     = {Thermal agitation of electricity in conductors},
  author    = {Johnson, John Bertrand},
  journal   = {Physical review},
  volume    = {32},
  number    = {1},
  pages     = {97},
  year      = {1928},
  publisher = {APS}
}

@article{Minutes,
  title     = {Minutes of the Philadelphia Meeting December 28, 29, 30, 1926},
  author    = {Anonymous},
  journal   = {Physical review},
  volume    = {29},
  issue     = {2},
  pages     = {350--373},
  numpages  = {0},
  year      = {1927},
  month     = {Feb},
  publisher = {APS},
  doi       = {10.1103/PhysRev.29.350},
  url       = {https://link.aps.org/doi/10.1103/PhysRev.29.350}
}

@article{schottky1918,
  title     = {{\"U}ber spontane Stromschwankungen in verschiedenen Elektrizit{\"a}tsleitern},
  author    = {Schottky, Walter},
  journal   = {Annalen der physik},
  volume    = {362},
  number    = {23},
  pages     = {541--567},
  year      = {1918},
  publisher = {Wiley Online Library}
}

@article{blanter2000,
  title     = {Shot noise in mesoscopic conductors},
  author    = {Blanter, Ya M and B{\"u}ttiker, Markus},
  journal   = {Physics reports},
  volume    = {336},
  number    = {1-2},
  pages     = {1--166},
  year      = {2000},
  publisher = {Elsevier}
}