@inbook{textbook,
  author    = {吴思诚，荀坤},
  year      = {2015},
  title     = {近代物理实验.第四版},
  address   = {北京},
  publisher = {高等教育出版社},
  isbn      = {7040418304;9787040418309;},
  language  = {Chinese}
}
@misc{ecal,
  title   = {Energy of {Electrons} and {Photons} ({ECAL}) {\textbar} {CMS} {Experiment}},
  url     = {https://cms.cern/detector/measuring-energy/energy-electrons-and-photons-ecal},
  urldate = {2020-10-23}
}
@misc{cms,
  title     = {The CMS experiment at the CERN LHC},
  author    = {Collaboration, CMS and Chatrchyan, S and Hmayakyan, G and Khachatryan, V and Sirunyan, AM and Adam, W and Bauer, T and Bergauer, T and Bergauer, H and Dragicevic, M and others},
  year      = {2008},
  publisher = {Jinst}
}
@article{geant4,
  title     = {GEANT4—a simulation toolkit},
  author    = {Agostinelli, Sea and Allison, John and Amako, K al and Apostolakis, John and Araujo, H and Arce, P and Asai, M and Axen, D and Banerjee, S and Barrand, G 2 and others},
  journal   = {Nuclear instruments and methods in physics research section A: Accelerators, Spectrometers, Detectors and Associated Equipment},
  volume    = {506},
  number    = {3},
  pages     = {250--303},
  year      = {2003},
  publisher = {Elsevier}
}