@inbook{textbook,
  author    = {吴思诚，荀坤},
  year      = {2015},
  title     = {近代物理实验.第四版},
  address   = {北京},
  publisher = {高等教育出版社},
  isbn      = {7040418304;9787040418309;},
  language  = {Chinese}
}

@article{1987scanning,
  title     = {Scanning tunneling microscopy—from birth to adolescence},
  author    = {Binnig, Gerd and Rohrer, Heinrich},
  journal   = {reviews of modern physics},
  volume    = {59},
  number    = {3},
  pages     = {615},
  year      = {1987},
  publisher = {APS}
}

@article{1983scanning,
  title     = {Scanning tunneling microscopy},
  author    = {Binnig, Gerd and Rohrer, Heinrich},
  journal   = {Surface science},
  volume    = {126},
  number    = {1-3},
  pages     = {236--244},
  year      = {1983},
  publisher = {Elsevier}
}