@inbook{textbook,
  author    = {吴思诚，荀坤},
  year      = {2015},
  title     = {近代物理实验.第四版},
  address   = {北京},
  publisher = {高等教育出版社},
  isbn      = {7040418304;9787040418309;},
  language  = {Chinese}
}

@article{bloch,
  title     = {Nuclear induction},
  author    = {Bloch, Felix},
  journal   = {Physical review},
  volume    = {70},
  number    = {7-8},
  pages     = {460},
  year      = {1946},
  publisher = {APS}
}

@article{purcell,
  title     = {Resonance absorption by nuclear magnetic moments in a solid},
  author    = {Purcell, Edward M and Torrey, Henry Cutler and Pound, Robert V},
  journal   = {Physical review},
  volume    = {69},
  number    = {1-2},
  pages     = {37},
  year      = {1946},
  publisher = {APS}
}

@article{wishart1991,
  title     = {Relationship between nuclear magnetic resonance chemical shift and protein secondary structure},
  author    = {Wishart, David S and Sykes, Brian D and Richards, Frederic M},
  journal   = {Journal of molecular biology},
  volume    = {222},
  number    = {2},
  pages     = {311--333},
  year      = {1991},
  publisher = {Elsevier}
}

@article{lindeman1971,
  title     = {Carbon-13 nuclear magnetic resonance spectrometry. Chemical shifts for the paraffins through C9},
  author    = {Lindeman, LP and Adama, JQ},
  journal   = {Analytical Chemistry},
  volume    = {43},
  number    = {10},
  pages     = {1245--1252},
  year      = {1971},
  publisher = {ACS Publications}
}

@article{morris1986nuclear,
  title  = {Nuclear magnetic resonance imaging in medicine and biology},
  author = {Morris, Peter G},
  year   = {1986}
}

@article{wennerstrom1977biological,
  title     = {Biological and model membranes studied by nuclear magnetic resonance of spin one half nuclei},
  author    = {Wennerstr{\"o}m, H{\aa}kan and Lindblom, G{\"o}ran},
  journal   = {Quarterly reviews of biophysics},
  volume    = {10},
  number    = {1},
  pages     = {67--96},
  year      = {1977},
  publisher = {Cambridge University Press}
}

@misc{coates1996nuclear,
  title     = {Nuclear magnetic resonance determination of petrophysical properties of geologic structures},
  author    = {Coates, George R},
  year      = {1996},
  month     = sep # {~17},
  publisher = {Google Patents},
  note      = {US Patent 5,557,200}
}

@misc{coates1994nuclear,
  title     = {Nuclear magnetic resonance detection of geologic structures},
  author    = {Coates, George R and Miller, Melvin N and Bouton, John C},
  year      = {1994},
  month     = may # {~3},
  publisher = {Google Patents},
  note      = {US Patent 5,309,098}
}

@article{block1946nuclear,
  title   = {The nuclear induction experiment},
  author  = {Block, F and Hansen, WW and Packard, M},
  journal = {Physical Review},
  volume  = {70},
  number  = {7-8},
  pages   = {474--485},
  year    = {1946}
}