@inbook{textbook,
  author    = {吴思诚，荀坤},
  year      = {2015},
  title     = {近代物理实验.第四版},
  address   = {北京},
  publisher = {高等教育出版社},
  isbn      = {7040418304;9787040418309;},
  language  = {Chinese}
}
